<?xml version="1.0"?>
<collection xmlns="http://www.loc.gov/MARC21/slim">
  <record>
    <leader>01606cam a2200385 a 4500</leader>
    <controlfield tag="001">1918193944misi</controlfield>
    <controlfield tag="003">CaSfIA</controlfield>
    <controlfield tag="005">20160525153046.0</controlfield>
    <controlfield tag="007">cr||||||||||||</controlfield>
    <controlfield tag="008">920508s1991    abc      b    001 0 ukrod</controlfield>
    <datafield tag="010" ind1=" " ind2=" ">
      <subfield code="a">   97149056</subfield>
    </datafield>
    <datafield tag="035" ind1=" " ind2=" ">
      <subfield code="a">ocm26195458</subfield>
    </datafield>
    <datafield tag="040" ind1=" " ind2=" ">
      <subfield code="a">NN</subfield>
      <subfield code="b">eng</subfield>
      <subfield code="c">DLC</subfield>
      <subfield code="d">AEU</subfield>
      <subfield code="d">CaSfIA</subfield>
    </datafield>
    <datafield tag="041" ind1="0" ind2=" ">
      <subfield code="a">ukrpol</subfield>
    </datafield>
    <datafield tag="042" ind1=" " ind2=" ">
      <subfield code="a">lccopycat</subfield>
    </datafield>
    <datafield tag="043" ind1=" " ind2=" ">
      <subfield code="a">e-ur-un</subfield>
      <subfield code="a">e-pl---</subfield>
    </datafield>
    <datafield tag="050" ind1="0" ind2="4">
      <subfield code="a">Z6956.P7</subfield>
      <subfield code="b">M567 1991</subfield>
      <subfield code="a">PN5355.P6</subfield>
    </datafield>
    <datafield tag="090" ind1=" " ind2=" ">
      <subfield code="a">PN 5355 P6 Z9 M57 1991</subfield>
      <subfield code="b">AEU</subfield>
    </datafield>
    <datafield tag="100" ind1="1" ind2=" ">
      <subfield code="a">Misi&#x142;o, Eugeniusz.</subfield>
    </datafield>
    <datafield tag="245" ind1="1" ind2="0">
      <subfield code="a">Bibliohrafii&#x361;a ukra&#xEF;ns&#x2B9;ko&#xEF; presy v Pol&#x2B9;shchi, 1918-39 i Zakhidn&#x2B9;o-Ukra&#xEF;ns&#x2B9;ki&#x12D; Narodni&#x12D; Respublit&#x361;si, 1918-19 /</subfield>
      <subfield code="h">[electronic resource] </subfield>
      <subfield code="c">uklav I&#x361;Evhen Misylo.</subfield>
    </datafield>
    <datafield tag="246" ind1="1" ind2="5">
      <subfield code="a">Bibliography of the Ukrainian press in Poland, 1918-39 and in the Western Ukrainian People's Republic, 1918-19</subfield>
    </datafield>
    <datafield tag="260" ind1=" " ind2=" ">
      <subfield code="a">Edmonton, Al&#x2B9;berta :</subfield>
      <subfield code="b">Vyd-vo Kanads&#x2B9;koho in-tu ukra&#xEF;ns&#x2B9;kykh studi&#x12D;, Al&#x2B9;berts&#x2B9;ky&#x12D; universytet,</subfield>
      <subfield code="c">1991.</subfield>
    </datafield>
    <datafield tag="300" ind1=" " ind2=" ">
      <subfield code="a">xx, 250 p. ;</subfield>
      <subfield code="c">28 cm.</subfield>
    </datafield>
    <datafield tag="336" ind1=" " ind2=" ">
      <subfield code="a">text</subfield>
      <subfield code="b">txt</subfield>
      <subfield code="2">rdacontent</subfield>
    </datafield>
    <datafield tag="337" ind1=" " ind2=" ">
      <subfield code="a">unmediated</subfield>
      <subfield code="b">n</subfield>
      <subfield code="2">rdamedia</subfield>
    </datafield>
    <datafield tag="338" ind1=" " ind2=" ">
      <subfield code="a">volume</subfield>
      <subfield code="b">nc</subfield>
      <subfield code="2">rdacarrier</subfield>
    </datafield>
    <datafield tag="490" ind1="1" ind2=" ">
      <subfield code="a">Serii&#x361;a Dovidnykiv ;</subfield>
      <subfield code="v">dovidnyk no. 44</subfield>
    </datafield>
    <datafield tag="500" ind1=" " ind2=" ">
      <subfield code="a">Preface also in Polish.</subfield>
    </datafield>
    <datafield tag="504" ind1=" " ind2=" ">
      <subfield code="a">Includes bibliographical references (p. [249]-250) and indexes.</subfield>
    </datafield>
    <datafield tag="596" ind1=" " ind2=" ">
      <subfield code="a">43</subfield>
    </datafield>
    <datafield tag="650" ind1=" " ind2="0">
      <subfield code="a">Ukrainian newspapers</subfield>
      <subfield code="z">Poland</subfield>
      <subfield code="v">Bibliography.</subfield>
    </datafield>
    <datafield tag="650" ind1=" " ind2="0">
      <subfield code="a">Ukrainian periodicals</subfield>
      <subfield code="z">Poland</subfield>
      <subfield code="v">Bibliography.</subfield>
    </datafield>
    <datafield tag="650" ind1=" " ind2="0">
      <subfield code="a">Ukrainian newspapers</subfield>
      <subfield code="z">Ukraine, Western</subfield>
      <subfield code="v">Bibliography.</subfield>
    </datafield>
    <datafield tag="650" ind1=" " ind2="0">
      <subfield code="a">Ukrainian periodicals</subfield>
      <subfield code="z">Ukraine, Western</subfield>
      <subfield code="v">Bibliography.</subfield>
    </datafield>
    <datafield tag="830" ind1=" " ind2="0">
      <subfield code="a">Occasional research reports ;</subfield>
      <subfield code="v">research rept. no. 44.</subfield>
    </datafield>
    <datafield tag="856" ind1="4" ind2="1">
      <subfield code="u">http://archive.org/details/1918193944misi</subfield>
      <subfield code="z">Free eBook from the Internet Archive</subfield>
      <subfield code="3">Volume 44</subfield>
    </datafield>
    <datafield tag="856" ind1="4" ind2="2">
      <subfield code="u">http://www.openlibrary.org/books/OL753986M</subfield>
      <subfield code="z">Additional information and access via Open Library</subfield>
      <subfield code="3">Volume 44</subfield>
    </datafield>
  </record>
</collection>
